@book{example2023,
  author    = {Max Mustermann},
  title     = {Ein Beispielbuch},
  year      = {2023},
  publisher = {Beispielverlag},
  address   = {Beispielstadt}
}

@book{Bruns2010,
  address       = {Berlin, Heidelberg},
  author        = {Bruns, Ralf and Dunkel, J{\"u}rgen},
  booktitle     = {Event-Driven Architecture: Softwarearchitektur f{\"u}r ereignisgesteuerte Gesch{\"a}ftsprozesse},
  date-modified = {2024-11-12 13:09:54 +0100},
  doi           = {10.1007/978-3-642-02439-9_3},
  isbn          = {978-3-642-02439-9},
  pages         = {47--82},
  publisher     = {Springer Berlin Heidelberg},
  read          = {0},
  title         = {Event-Driven Architecture und Complex Event Processing im {\"U}berblick},
  url           = {\url{https://doi.org/10.1007/978-3-642-02439-9_3}},
  year          = {2010},
  bdsk-url-1    = {\url{https://doi.org/10.1007/978-3-642-02439-9_3}}
}

@article{LoadBalancing,
  title    = {Load-balancing algorithms in cloud computing: A survey},
  journal  = {Journal of Network and Computer Applications},
  volume   = {88},
  pages    = {50-71},
  year     = {2017},
  issn     = {1084-8045},
  doi      = {\url{https://doi.org/10.1016/j.jnca.2017.04.007}},
  url      = {\url{https://www.sciencedirect.com/science/article/pii/S1084804517301480}},
  author   = {Einollah {Jafarnejad Ghomi} and Amir {Masoud Rahmani} and Nooruldeen {Nasih Qader}},
  keywords = {Cloud computing, Load balancing, Task scheduling, Hadoop MapReduce},
  abstract = {Cloud computing is a modern paradigm to provide services through the Internet. Load balancing is a key aspect of cloud computing and avoids the situation in which some nodes become overloaded while the others are idle or have little work to do. Load balancing can improve the Quality of Service (QoS) metrics, including response time, cost, throughput, performance and resource utilization. In this paper, we study the literature on the task scheduling and load-balancing algorithms and present a new classification of such algorithms, for example, Hadoop MapReduce load balancing category, Natural Phenomena-based load balancing category, Agent-based load balancing category, General load balancing category, application-oriented category, network-aware category, and workflow specific category. Furthermore, we provide a review in each of these seven categories. Also. We provide insights into the identification of open issues and guidelines for future research.}
}
@misc{SmartMeter,
  day          = {18},
  month        = {10},
  year         = {2024},
  title        = {{S}mart {M}eter: {W}ie funktionieren die intelligenten {S}tromzähler?},
  howpublished = {\url{https://www.solarwatt.de/ratgeber/smart-meter}},
  note         = {(abgerufen am 21.11.2024)}
}

@misc{Netzfrequenz,
  title        = {{N}etzfrequenz},
  howpublished = {\url{https://www.interconnector.de/wissen/netzfrequenz/}},
  note         = {(abgerufen am 21.11.2024)}
}

@misc{Haushalte,
  title        = {{Haushalte Deutschland}},
  howpublished = {\url{https://www.destatis.de/DE/Themen/Gesellschaft-Umwelt/Bevoelkerung/Haushalte-Familien/_inhalt.html}},
  note         = {(abgerufen am 22.11.2024)}
}


@article{10.1145/1052796.1052806,
  author     = {Reynal, Michel},
  title      = {{A} short introduction to failure detectors for asynchronous distributed systems},
  year       = {2005},
  issue_date = {March 2005},
  publisher  = {Association for Computing Machinery},
  address    = {New York, NY, USA},
  volume     = {36},
  number     = {1},
  issn       = {0163-5700},
  url        = {\url{https://doi.org/10.1145/1052796.1052806}},
  doi        = {10.1145/1052796.1052806},
  abstract   = {Since the first version of Chandra and Toueg's seminal paper titled "Unreliable failure detectors for reliable distributed systems" in 1991, the failure detector concept has been extensively studied and investigated. This is not at all surprising as failure detection is pervasive in the design, the analysis and the implementation of a lot of fault-tolerant distributed algorithms that constitute the core of distributed system middleware.The literature on this topic is mostly technical and appears mainly in theoretically inclined journals and conferences. The aim of this paper is to offer an introductory survey to the failure detector concept for readers who are not familiar with it and want to quickly understand its aim, its basic principles, its power and limitations. To attain this goal, the paper first describes the motivations that underlie the concept, and then surveys several distributed computing problems showing how they can be solved with the help of an appropriate failure detector. So, this short paper presents motivations, concepts, problems, definitions, and algorithms. It does not contain proofs. It is aimed at people who want to understand basics of failure detectors.},
  journal    = {SIGACT News},
  month      = mar,
  pages      = {53–70},
  numpages   = {18}
}

@inbook{Jarass2009,
  author    = {Jarass, Lorenz
               and Obermair, Gustav M.
               and Voigt, Wilfried},
  title     = {{V}ersorgungssicherheit im {S}tromnetz bei hoher {W}indenergieeinspeisung},
  booktitle = {Windenergie: Zuverl{\"a}ssige Integration in die Energieversorgung},
  year      = {2009},
  publisher = {Springer Berlin Heidelberg},
  address   = {Berlin, Heidelberg},
  pages     = {57--90},
  abstract  = {Bei der {\"U}bertragung von elektrischer Energie aus Wind kann man dieEntsorgungssicherheit im {\"o}ffentlichen Netz sehr viel kleiner halten als dieVersorgungs-sicherheit der Stromverbraucher, weil man die Einspeisung der Windenergieanlagen im Netzst{\"o}rfall kurzfristig zur{\"u}ckregeln kann im Gegensatz zur Nachfrage der Stromverbraucher. Bei einer windbedingten Erh{\"o}hung der {\"U}bertragungsleistung des Netzes ist nach dem Erneuerbare-Energien-Gesetz ein Leitungsneubau nur dann wirtschaftlich zumutbar, wenn die kosteng{\"u}nstigeren L{\"o}sungen Netzoptimierung (z.B. durch Temperaturmonitoring) und Netzverst{\"a}rkung (z. B. durch Hochtemperaturseile) nicht ausreichen.},
  isbn      = {978-3-540-85253-7},
  doi       = {10.1007/978-3-540-85253-7_4},
  url       = {\url{https://doi.org/10.1007/978-3-540-85253-7_4}}
}

@book{Steen2006,
  author    = {Andrew S. Tanenbaum and Maarten Van Steen},
  title     = {{D}istributed {S}ystems: {P}rinciples and {P}aradigms (2nd {E}dition)},
  publisher = {Pearson},
  year      = {2006}
}

@misv{NotstromKrankenhaus,
    howpublished={{W}as tun bei {S}tromausfall im {K}rankenhaus?},
    title={\url{https://www.kma-online.de/aktuelles/management/detail/ohne-panik-resilient-bleiben-50348}},
    note={abgerufen am 19.12.2024},
}

@misv{NotstromAKWs,
    howpublished={{S}icherheitsanforderungen an {K}ernkraftwerke},
    title={\url{https://www.base.bund.de/shareddocs/downloads/de/rsh/3-bmub/3_0_1.pdf?__blob=publicationFile&v=+1&utm_source=chatgpt.com}},
    note={abgerufen am 19.12.2024},
}

@misc{SmartMeterBlackout,
    day={04},
    month={08},
    year={2017},
    title={{B}lackout durch intelligente {S}tromzähler},
    howpublished = {\url{https://www.saurugg.net/2015/blog/stromversorgung/blackout-durch-intelligente-stromzaehler}},
    note = {abgerufen am 19.12.2024}
}

@misc{SmartMeterSicherheit,
    title={{S}icherheit und {D}atenschutz
bei {S}mart {E}nergy },
    howpublished = {\url{https://www.muenchner-kreis.de/wp-content/uploads/fileadmin/dokumente/Download/Sicherheit_und_Datenschutz_bei_Smart_Energy.pdf}},
    note = {abgerufen am 19.12.2024}
}
